@article{Chambers2018,
    title = {{3-dwoven preform joint experimental testing results to support the D8 double-bubble composite fuselage design}},
    year = {2018},
    journal = {AIAA/ASCE/AHS/ASC Structures, Structural Dynamics, and Materials Conference, 2018},
    author = {Chambers, Jeffrey T. and Yutko, Brian M. and Oonnoonny, Abraham and Hoffman, Deborah R. and Church, Clinton S.},
    number = {210049},
    isbn = {9781624105326},
    doi = {10.2514/6.2018-0224}
}

@article{Kang2012ACTIVELYCAR,
    title = {{ACTIVELY TRANSLATING A REAR DIFFUSER DEVICE FOR THE AERODYNAMIC DRAG REDUCTION OF A PASSENGER CAR}},
    year = {2012},
    journal = {International Journal of Automotive Technology},
    author = {Kang, S O and Jun, S O and Park, H I and Song, K S and Kee, J D and Kim, K H and Lee, D H},
    number = {4},
    pages = {583--592},
    volume = {13},
    doi = {10.1007/s12239−012−0056−x},
    issn = {1976-3832},
    keywords = {Active rear diffuser device, Automobile aerodynamics, Drag reduction, Fuel efficiency improvement}
}

@unpublished{HadiWinarto2004AERO2258ANotes,
    title = {{AERO2258A Lifting Line Theory Notes}},
    year = {2004},
    author = {{Hadi Winarto}},
    number = {May},
    pages = {1--24}
}

@article{Blazquez2016Aerodynamic1,
    title = {{Aerodynamic analysis of the undertray of Formula 1}},
    year = {2016},
    author = {Bl{\'{a}}zquez, Alberto Gómez},
    pages = {1--50}
}

@article{Huminic2017AERODYNAMICDIFFUSER,
    title = {{AERODYNAMIC STUDY OF A GENERIC CAR MODEL WITH WHEELS AND UNDERBODY DIFFUSER}},
    year = {2017},
    journal = {International Journal of Automotive Technology},
    author = {Huminic, Angel and Huminic, Gabriela},
    number = {3},
    pages = {397--404},
    volume = {18},
    doi = {10.1007/s12239−017−0040−6},
    keywords = {Aerodynamics, Automobile, Underbody diffuser}
}

@article{Jensen2010AerodynamicSAE,
    title = {{Aerodynamic Undertray Design for Formula SAE}},
    year = {2010},
    journal = {Mechanical Engineering},
    author = {Jensen, Karl},
    pages = {36},
    volume = {Master of }
}

@article{Conf1972AIRCRAFTREDUCTION.,
    title = {{AIRCRAFT ENGINE NOISE REDUCTION.}},
    year = {1972},
    journal = {NASA Spec Publ},
    author = {{Conf}},
    number = {31}
}

@book{1972AircraftSP-311,
    title = {{Aircraft Engine Noise Reduction. NASA SP-311}},
    year = {1972},
    booktitle = {NASA SP-311},
    author = {شكري, مؤمن ،نجوى},
    number = {1},
    pages = {316},
    volume = {1},
    url = {http://articles.adsabs.harvard.edu/cgi-bin/nph-iarticle_query?1972NASSP.311......&defaultprint=YES&filetype=.pdf}
}

@misc{Carley2019AIRCRAFTCONTROL,
    title = {{AIRCRAFT STABILITY AND CONTROL}},
    year = {2019},
    author = {Carley, Michael},
    url = {https://people.bath.ac.uk/ensmjc/Notes/stability.pdf},
    institution = {Bath University}
}

@misc{AAircraftAugmentation,
    title = {{Aircraft Stability And Control Augmentation}},
    booktitle = {2020},
    author = {A, Kaviyarasu},
    url = {http://www.mitindia.edu/images/pdf/avionics_ppt/stability and agumentation.pdf}
}

@misc{Anonymous2020AirfoilTools,
    title = {{Airfoil Tools}},
    year = {2020},
    author = {{Anonymous}},
    url = {http://airfoiltools.com}
}

@techreport{Jowsey2013AnDiffusers,
    title = {{An Experimental Study of Automotive Underbody Diffusers}},
    year = {2013},
    author = {Jowsey, Lydia}
}

@article{Scholz2011AnAircraft,
    title = {{An optional APU for passenger aircraft}},
    year = {2011},
    journal = {Challenges in European Aerospace},
    author = {Scholz, DIeter}
}

@techreport{Lanfrit2005BestFLUENT,
    title = {{Best practice guidelines for handling Automotive External Aerodynamics with FLUENT}},
    year = {2005},
    author = {Lanfrit, Marco}
}

@inproceedings{Michael2017BoardingAircraft,
    title = {{Boarding and turnaround process assessment of single- and twin-aisle aircraft}},
    year = {2017},
    booktitle = {AIAA SciTech Forum - 55th AIAA Aerospace Sciences Meeting},
    author = {Michael, Schmidt and Philipp, Heinemann and Mirko, Hornung},
    publisher = {American Institute of Aeronautics and Astronautics Inc.},
    isbn = {9781624104473},
    doi = {10.2514/6.2017-1856}
}

@techreport{PeddieCFDRacecar,
    title = {{CFD Study on the Diffuser of a Formula 3 Racecar}},
    author = {Peddie, Kevin M and Gonzalez, Luis F}
}

@article{Willemsen2012CFD-basedDiffuser,
    title = {{CFD-based aerodynamic optimisation of a 2D race car diffuser}},
    year = {2012},
    author = {Willemsen, Dennis H J},
    pages = {52}
}

@misc{GEAviation2019CommercialEngines,
    title = {{Commercial Engines}},
    year = {2019},
    booktitle = {2019},
    author = {{GE Aviation}},
    url = {https://www.geaviation.com/commercial/engines}
}

@article{Khokar2015DesignRacecar,
    title = {{Design and Analysis of Undertray Diffuser for a Formula Style Racecar}},
    year = {2015},
    journal = {International Journal of Research in Engineering and Technology},
    author = {Khokar, Ali and Shirolkar, Suhas},
    number = {11},
    pages = {202--210},
    volume = {04},
    doi = {10.15623/ijret.2015.0411035},
    issn = {23217308},
    keywords = {--------------------------------------------------, aerodynamics, downforce, pressure, speed}
}

@article{Tyagi2017DesignImprovement,
    title = {{Design and Numerical Analysis of an under Tray Diffuser of a Formula Student Car for Performance Improvement}},
    year = {2017},
    journal = {SAE Technical Papers},
    author = {Tyagi, Apoorva and Madhwesh, N.},
    pages = {1--5},
    volume = {2017-Octob},
    isbn = {2017015016},
    doi = {10.4271/2017-01-5016},
    issn = {01487191}
}

@techreport{McKeown2018DesignCar,
    title = {{Design and Optimisation of an Undertray for Formula Student Car}},
    year = {2018},
    author = {McKeown, Thomas},
    month = {3},
    pages = {1--84},
    institution = {Queen's University Belfast},
    address = {Belfast}
}

@article{Jalappa2015DesignAnalysis,
    title = {{Design and Optimization of Undertray for Formula SAE Race Car using CFD Analysis}},
    year = {2015},
    journal = {Ekp},
    author = {Jalappa, Girish},
    number = {August},
    pages = {1--47},
    volume = {13},
    isbn = {9781479978007},
    keywords = {Киари}
}

@article{McClune2018DesignCar,
    title = {{Design of an Aerodynamic Framework for a Formula Student car}},
    year = {2018},
    journal = {Queen's University Belfast Thesis},
    author = {McClune, Matthew},
    number = {March}
}

@article{Aulakh2016EffectConvoy,
    title = {{Effect of underbody diffuser on the aerodynamic drag of vehicles in convoy}},
    year = {2016},
    journal = {Cogent Engineering},
    author = {Aulakh, Deepinder Jot Singh},
    number = {1},
    month = {12},
    volume = {3},
    publisher = {Cogent OA},
    doi = {10.1080/23311916.2016.1230310},
    issn = {23311916},
    keywords = {Ahmed body, CFD, backlite angle, coefficient of drag, convoy, diffuser angle, underbody diffuser}
}

@article{Guzelbey2019EffectsStudy,
    title = {{Effects of Taper Ratio on Aircraft Wing Aerodynamic Parameters: A Comperative Study}},
    year = {2019},
    journal = {European Mechanical Science},
    author = {G{\"{u}}zelbey, İbrahim Halil and Eraslan, Yüksel and Do{\u{g}}ru, Mehmet Hanifi},
    number = {1},
    pages = {18--23},
    volume = {3},
    doi = {10.26701/ems.487516},
    issn = {2587-1110}
}

@inproceedings{Wijnterp2014ElectricEstimation,
    title = {{Electric taxi systems: An operations and value estimation}},
    year = {2014},
    booktitle = {AIAA AVIATION 2014 -14th AIAA Aviation Technology, Integration, and Operations Conference},
    author = {Wijnterp, Chris and Roling, Paul C. and de Wilde, Wido and Curran, Richard},
    isbn = {9781624102820},
    doi = {10.2514/6.2014-3266}
}

@article{Barua2013EmpennageFins,
    title = {{Empennage Statistics and Sizing Methods for Dorsal Fins}},
    year = {2013},
    journal = {Hamburg University of Applied Sciences},
    author = {Barua, Priyanka and Sousa, Tahir and Scholz, DIeter},
    number = {1},
    volume = {1},
    url = {https://www.fzt.haw-hamburg.de/pers/Scholz/Aero/AERO_TN_TailSizing_13-04-15.pdf}
}

@article{Envia2001FanOverview,
    title = {{Fan noise reduction: An overview}},
    year = {2001},
    journal = {39th Aerospace Sciences Meeting and Exhibit},
    author = {Envia, Edmane},
    number = {1},
    pages = {43--64},
    volume = {1},
    doi = {10.1260/1475472021502668},
    issn = {1475-472X}
}

@article{CantwellFiniteThoery,
    title = {{Finite Wing Thoery}},
    author = {Cantwell, Brain J.},
    number = {c},
    pages = {1--62}
}

@misc{Anderson2007FundamentalsJr.,
    title = {{Fundamentals of aerodynamics / John D. Anderson, Jr.}},
    year = {2007},
    booktitle = {Fundamentals of Aerodynamics},
    author = {Anderson, John D (John David)},
    isbn = {0071254080},
    keywords = {Aerodynamics}
}

@article{Zhang2006GroundCars,
    title = {{Ground effect aerodynamics of race cars}},
    year = {2006},
    journal = {Applied Mechanics Reviews},
    author = {Zhang, Xin and Toet, Willem and Zerihan, Jonathan},
    number = {1-6},
    pages = {33--48},
    volume = {59},
    doi = {10.1115/1.2110263},
    issn = {00036900}
}

@misc{2014HKIAForecasts,
    title = {{HKIA long-term traffic and emission forecasts}},
    year = {2014},
    booktitle = {IATA Consulting}
}

@misc{Collins2019HowSystem.,
    title = {{How It Works: Aircraft Fuel System.}},
    year = {2019},
    author = {Collins, M},
    url = {https://www.aopa.org/news-and-media/all-news/2020/january/flight-training-magazine/ol-how-it-works-fuel-system}
}

@article{Wakabayashi2009ImprovingSAE,
    title = {{Improving Vehicle Performance by Aerodynamic Devices in Formula SAE}},
    year = {2009},
    journal = {SAE Technical Papers},
    author = {Wakabayashi, Mitsuru and Komuro, Kanako and Pedoussaut, Olivier and Oguri, Yasufumi and Suzuki, Takashi},
    number = {7103},
    pages = {1--5},
    volume = {32},
    isbn = {0844293962}
}

@article{Ruhrmann2003InfluenceEffect,
    title = {{Influence of diffuser angle on a bluff body in ground effect}},
    year = {2003},
    journal = {Journal of Fluids Engineering, Transactions of the ASME},
    author = {Ruhrmann, Andreas and Zhang, Xin},
    number = {2},
    pages = {332--338},
    volume = {125},
    doi = {10.1115/1.1537252},
    issn = {00982202}
}

@techreport{KnightINVESTIGATIONEFFICIENCY,
    title = {{INVESTIGATION OF VEHICLE RIDE HEIGHT AND DIFFUSER RAMP ANGLE ON DOWNFORCE AND EFFICIENCY}},
    author = {Knight, Jason and Spicak, Milan and Kuzenko, Antons and Haritos, George and Ren, Guogang},
    keywords = {Ahmed, CFD, Diffuser, Downforce, Efficiency, Optimisation}
}

@article{Sma2014LABPROFILES,
    title = {{LAB WORK : LIFTING PROFILES}},
    year = {2014},
    author = {Sma, Mater}
}

@unpublished{Morton2016LessonDownload,
    title = {{Lesson 37 Longitudinal Static Stability - Ppt Video Online Download}},
    year = {2016},
    author = {{Morton}},
    url = {https://slideplayer.com/slide/5252043/}
}

@misc{HadiWinarto2004LiftingTheory,
    title = {{Lifting Line Theory}},
    year = {2004},
    booktitle = {Theory of Lift},
    author = {{Hadi Winarto}},
    number = {2},
    pages = {1--17},
    volume = {},
    doi = {10.1002/9781118346167.ch11}
}

@article{Sivells1947MethodData,
    title = {{Method for calculating wing characteristics by lifting-line theory using nonlinear section lift data}},
    year = {1947},
    journal = {National Advisory Commitee for Aeronautics},
    author = {Sivells, James C and Neelly, Robert H},
    number = {865},
    pages = {75--93},
    url = {https://ocw.mit.edu/courses/aeronautics-and-astronautics/16-01-unified-engineering-i-ii-iii-iv-fall-2005-spring-2006/systems-labs-06/spl8a.pdf},
    isbn = {1111111111}
}

@article{Ansys2006ModelingFlows,
    title = {{Modeling of Turbulent Flows}},
    year = {2006},
    journal = {Fluent user guide},
    author = {{Ansys}},
    pages = {49},
    url = {http://www.southampton.ac.uk/~nwb/lectures/GoodPracticeCFD/Articles/Turbulence_Notes_Fluent-v6.3.06.pdf}
}

@article{Synodinos2017NoiseFramework,
    title = {{Noise assessment of aircraft with distributed electric propulsion using a new noise estimation framework}},
    year = {2017},
    journal = {24th International Congress on Sound and Vibration, ICSV 2017},
    author = {Synodinos, Athanasios and Self, Rod and Torija, Antonio},
    number = {August},
    keywords = {Airport noise, Distributed electric propulsion, Novel aircraft noise prediction}
}

@article{Huff2006NoiseEngines,
    title = {{Noise reduction technologies for turbofan engines}},
    year = {2006},
    journal = {Institute of Noise Control Engineering of the USA - 35th International Congress and Exposition on Noise Control Engineering, INTER-NOISE 2006},
    author = {Huff, Dennis L.},
    number = {September 2007},
    pages = {960--969},
    volume = {2},
    isbn = {9781604231366},
    keywords = {Aeroacoustics Turbofan Engine Fan Jet Aircraft Noi}
}

@article{Moghimi2018NumericalAngles,
    title = {{Numerical and experimental investigations on aerodynamic behavior of the Ahmed body model with different diffuser angles}},
    year = {2018},
    journal = {Journal of Applied Fluid Mechanics},
    author = {Moghimi, P. and Rafee, R.},
    number = {4},
    pages = {1101--1113},
    volume = {11},
    publisher = {Isfahan University of Technology},
    doi = {10.29252/jafm.11.04.27923},
    issn = {17353645},
    keywords = {Ahmed body, Diffuser angle, Drag coefficient, Lift Coefficient, Low Reynolds Number flow}
}

@article{Moghimi2018NumericalAnglesb,
    title = {{Numerical and experimental investigations on aerodynamic behavior of the Ahmed body model with different diffuser angles}},
    year = {2018},
    journal = {Journal of Applied Fluid Mechanics},
    author = {Moghimi, P. and Rafee, R.},
    number = {4},
    pages = {1101--1113},
    volume = {11},
    publisher = {Isfahan University of Technology},
    doi = {10.29252/jafm.11.04.27923},
    issn = {17353645},
    keywords = {Ahmed body, Diffuser angle, Drag coefficient, Lift Coefficient, Low Reynolds Number flow}
}

@incollection{Roskam1985PartAirplanes,
    title = {{Part I: Preliminary sizing of airplanes}},
    year = {1985},
    booktitle = {Airplane Design},
    author = {Roskam, J},
    isbn = {1884885551}
}

@article{R.15633,
    title = {{R. • {\&} M. No. 2935 (15,633)}},
    number = {2935},
    volume = {2935}
}

@misc{RollsRoyce2006Rolls1000,
    title = {{Rolls Royce Trent 1000}},
    year = {2006},
    author = {{Rolls Royce}},
    url = {https://www.rolls-royce.com/products-and-services/civil-aerospace/airlines/trent-1000.aspx#/}
}

@inproceedings{Kang2014SimulationTechnology,
    title = {{Simulation and analysis of formula racing car’s diffuser based on CFD technology}},
    year = {2014},
    booktitle = {Applied Mechanics and Materials},
    author = {Kang, Ning and Yang, Yang},
    pages = {191--194},
    volume = {685},
    publisher = {Trans Tech Publications Ltd},
    isbn = {9783038353256},
    doi = {10.4028/www.scientific.net/AMM.685.191},
    issn = {16627482},
    keywords = {Aerodynamics, CFD, Diffuser, Lift}
}

@incollection{Megson2013StructuralAircraft,
    title = {{Structural components of aircraft}},
    year = {2013},
    booktitle = {Aircraft Structures for Engineering Students},
    author = {Megson, T.H.G.},
    doi = {10.1016/b978-0-08-096905-3.00050-4}
}

@article{Mukhopadhyay2016StructuralConcepts,
    title = {{Structural configuration systems analysis for advanced aircraft fuselage concepts}},
    year = {2016},
    journal = {AIAA Modeling and Simulation Technologies Conference, 2016},
    author = {Mukhopadhyay, Vivek and Welstead, Jason R. and Quinlan, Jesse R. and Guynn, Mark D.},
    number = {June},
    pages = {1--11},
    isbn = {9781624104299},
    doi = {10.2514/6.2016-4419}
}

@article{Frost1963SubsonicEfficiency,
    title = {{Subsonic wing span efficiency}},
    year = {1963},
    journal = {AIAA Journal},
    author = {Frost, Richard C. and Rutherford, Robbie},
    number = {4},
    pages = {931--933},
    volume = {1},
    doi = {10.2514/3.1680},
    issn = {00011452}
}

@article{Gorji-Bandpy2012TechnologiesEngines,
    title = {{Technologies for jet noise reduction in turbofan engines}},
    year = {2012},
    journal = {Aviation},
    author = {Gorji-Bandpy, Mofid and Azimi, Mohammadreza},
    number = {1},
    pages = {25--32},
    volume = {16},
    doi = {10.3846/16487788.2012.679770},
    issn = {16487788},
    keywords = {engine noise, jet noise, noise reduction, turbofan engine}
}

@techreport{Cooper1998TheDiffusers,
    title = {{The Aerodynamic Performance of Automotive Underbody Diffusers}},
    year = {1998},
    booktitle = {JOURNAL OF PASSENGER CARS},
    author = {Cooper, Kevin R and Bertenyi, T and Dutil, G and Syms, J and Sovran, G},
    pages = {150--179},
    volume = {107},
    url = {https://www.jstor.org/stable/44740947}
}

@article{Michel2011TheEngines,
    title = {{The Benefits of Variable Area Fan Nozzles on Turbofan Engines}},
    year = {2011},
    author = {Michel, Ulf},
    number = {January 2011},
    doi = {10.2514/6.2011-226}
}

@article{Senior2001TheEffect,
    title = {{The force and pressure of a diffuser-equipped bluff body in ground effect}},
    year = {2001},
    journal = {Journal of Fluids Engineering, Transactions of the ASME},
    author = {Senior, Andrea E. and Zhang, Xin},
    number = {1},
    pages = {105--111},
    volume = {123},
    doi = {10.1115/1.1340637},
    issn = {1528901X}
}

@misc{N2015TheCoefficient,
    title = {{The Lift Coefficient}},
    year = {2015},
    author = {N, Hall}
}

@article{Kottas2020TurbofanDEA,
    title = {{Turbofan aero-engine efficiency evaluation: An integrated approach using VSBM two-stage network DEA}},
    year = {2020},
    journal = {Omega (United Kingdom)},
    author = {Kottas, Angelos T. and Bozoudis, Michail N. and Madas, Michael A.},
    doi = {10.1016/j.omega.2019.102167},
    issn = {03050483},
    keywords = {Data envelopment analysis, Efficiency benchmarking, Turbofan aero-engines}
}

@unpublished{Dr.MarcoGeron2020TutorialAER3008,
    title = {{Tutorial 2 - AER3008}},
    year = {2020},
    author = {{Dr. Marco Geron}},
    pages = {1--20},
    institution = {Queen's University Belfast},
    address = {Belfast}
}

@misc{MITWingConsideration,
    title = {{Wing Taper Consideration}},
    booktitle = {MIT OpenCourseWork},
    author = {{MIT}},
    pages = {1},
    url = {https://ocw.mit.edu/courses/aeronautics-and-astronautics/16-01-unified-engineering-i-ii-iii-iv-fall-2005-spring-2006/systems-labs-06/spl8a.pdf}
}

@misc{NASA2014Winglets,
    title = {{Winglets}},
    year = {2014},
    booktitle = {NASA},
    author = {{NASA}},
    url = {https://www.grc.nasa.gov/www/k-12/airplane/winglets.html}
}

@article{Nursalam20162013NoTitle,
    title = {{済無No Title No Title}},
    year = {2013},
    journal = {Journal of Chemical Information and Modeling},
    author = {Nursalam, 2016, metode penelitian},
    number = {9},
    pages = {1689--1699},
    volume = {53},
    isbn = {9788578110796},
    doi = {10.1017/CBO9781107415324.004},
    issn = {1098-6596},
    pmid = {25246403},
    arxivId = {arXiv:1011.1669v3},
    keywords = {icle}
}